<record><leader>00000cas a22000007a 4500</leader><controlfield tag="001">21532509</controlfield><controlfield tag="008">900514d188819uucoucr ne      0    0eng d</controlfield><datafield ind1=" " ind2=" " tag="010"><subfield code="a">sn 90051325 </subfield></datafield><datafield ind1=" " ind2=" " tag="040"><subfield code="a">CNQ</subfield><subfield code="b">eng</subfield><subfield code="c">CNQ</subfield><subfield code="d">OCL</subfield><subfield code="d">OCLCQ</subfield></datafield><datafield ind1=" " ind2=" " tag="019"><subfield code="a">21532569</subfield></datafield><datafield ind1=" " ind2=" " tag="042"><subfield code="a">msc</subfield></datafield><datafield ind1="0" ind2="4" tag="245"><subfield code="a">The Montrose enterprise.</subfield></datafield><datafield ind1="3" ind2="0" tag="246"><subfield code="a">Montrose enterprise and Montrose weekly press</subfield></datafield><datafield ind1=" " ind2=" " tag="260"><subfield code="a">Montrose, Montrose County, Colo. :</subfield><subfield code="b">Roberts &amp; Koppin</subfield></datafield><datafield ind1=" " ind2=" " tag="300"><subfield code="a">v.</subfield></datafield><datafield ind1=" " ind2=" " tag="310"><subfield code="a">Semiweekly,</subfield><subfield code="b">Jan. 2, 1902-</subfield></datafield><datafield ind1=" " ind2=" " tag="321"><subfield code="a">Weekly,</subfield><subfield code="b">&lt;1888&gt;-Dec. 1901</subfield></datafield><datafield ind1="1" ind2=" " tag="362"><subfield code="a">Began in 1888?</subfield></datafield><datafield ind1=" " ind2=" " tag="500"><subfield code="a">Published as: Montrose enterprise and Montrose weekly press, May 11-Dec. 28, 1923.</subfield></datafield><datafield ind1=" " ind2=" " tag="530"><subfield code="a">Available on microfilm from the Colorado Historical Society.</subfield></datafield><datafield ind1=" " ind2=" " tag="580"><subfield code="a">Daily ed.: Daily Montrose enterprise.</subfield></datafield><datafield ind1=" " ind2=" " tag="588"><subfield code="a">Description based on: Vol. 1, no. 51 (Jan. 11, 1890).</subfield></datafield><datafield ind1=" " ind2=" " tag="752"><subfield code="a">United States</subfield><subfield code="b">Colorado</subfield><subfield code="c">Montrose</subfield><subfield code="d">Montrose.</subfield></datafield><datafield ind1="1" ind2=" " tag="775"><subfield code="t">Daily Montrose enterprise</subfield><subfield code="w">(DLC)sn 90051327</subfield></datafield><datafield ind1="0" ind2="5" tag="780"><subfield code="t">Montrose press (Montrose, Colo. : 1914 : Weekly)</subfield><subfield code="w">(DLC)sn 91052531</subfield></datafield></record>